
@Article{	  cao2017comprehensive,
  title		= {Comprehensive single-cell transcriptional profiling of a
		  multicellular organism},
  author	= {Cao, Junyue and Packer, Jonathan S and Ramani, Vijay and
		  Cusanovich, Darren A and Huynh, Chau and Daza, Riza and
		  Qiu, Xiaojie and Lee, Choli and Furlan, Scott N and
		  Steemers, Frank J and others},
  journal	= {Science},
  volume	= {357},
  number	= {6352},
  pages		= {661--667},
  year		= {2017},
  publisher	= {American Association for the Advancement of Science}
}

@Article{	  gierahn2017seq,
  title		= {{Seq-Well}: portable, low-cost {RNA} sequencing of single
		  cells at high throughput},
  author	= {Gierahn, Todd M and Wadsworth II, Marc H and Hughes,
		  Travis K and Bryson, Bryan D and Butler, Andrew and Satija,
		  Rahul and Fortune, Sarah and Love, J Christopher and
		  Shalek, Alex K},
  journal	= {Nature Methods},
  volume	= {14},
  number	= {4},
  pages		= {395},
  year		= {2017},
  publisher	= {Nature Publishing Group}
}

@Article{	  ilicic2016classification,
  title		= {Classification of low quality cells from single-cell
		  {RNA}-seq data},
  author	= {Ilicic, Tomislav and Kim, Jong Kyoung and Kolodziejczyk,
		  Aleksandra A and Bagger, Frederik Otzen and McCarthy, Davis
		  James and Marioni, John C and Teichmann, Sarah A},
  journal	= {Genome Biology},
  volume	= {17},
  number	= {1},
  pages		= {29},
  year		= {2016},
  publisher	= {BioMed Central}
}

@Article{	  kang2018multiplexed,
  title		= {Multiplexed droplet single-cell {RNA}-sequencing using
		  natural genetic variation},
  author	= {Kang, Hyun Min and Subramaniam, Meena and Targ, Sasha and
		  Nguyen, Michelle and Maliskova, Lenka and McCarthy,
		  Elizabeth and Wan, Eunice and Wong, Simon and Byrnes,
		  Lauren and Lanata, Cristina M and others},
  journal	= {Nature Biotechnology},
  volume	= {36},
  number	= {1},
  pages		= {89},
  year		= {2018},
  publisher	= {Nature Publishing Group}
}

@Article{	  klein2015droplet,
  title		= {Droplet barcoding for single-cell transcriptomics applied
		  to embryonic stem cells},
  author	= {Klein, Allon M and Mazutis, Linas and Akartuna, Ilke and
		  Tallapragada, Naren and Veres, Adrian and Li, Victor and
		  Peshkin, Leonid and Weitz, David A and Kirschner, Marc W},
  journal	= {Cell},
  volume	= {161},
  number	= {5},
  pages		= {1187--1201},
  year		= {2015},
  publisher	= {Elsevier}
}

@Article{	  macosko2015highly,
  title		= {Highly parallel genome-wide expression profiling of
		  individual cells using nanoliter droplets},
  author	= {Macosko, Evan Z and Basu, Anindita and Satija, Rahul and
		  Nemesh, James and Shekhar, Karthik and Goldman, Melissa and
		  Tirosh, Itay and Bialas, Allison R and Kamitaki, Nolan and
		  Martersteck, Emily M and others},
  journal	= {Cell},
  volume	= {161},
  number	= {5},
  pages		= {1202--1214},
  year		= {2015},
  publisher	= {Elsevier}
}

@Article{	  stoeckius2017cell,
  title		= {Cell ``hashing'' with barcoded antibodies enables
		  multiplexing and doublet detection for single cell
		  genomics},
  author	= {Stoeckius, Marlon and Zheng, Shiwei and Houck-Loomis,
		  Brian and Hao, Stephanie and Yeung, Bertrand and Smibert,
		  Peter and Satija, Rahul},
  journal	= {bioRxiv},
  pages		= {237693},
  year		= {2017},
  publisher	= {Cold Spring Harbor Laboratory}
}

@Article{	  zheng2017massively,
  title		= {Massively parallel digital transcriptional profiling of
		  single cells},
  author	= {Zheng, Grace XY and Terry, Jessica M and Belgrader,
		  Phillip and Ryvkin, Paul and Bent, Zachary W and Wilson,
		  Ryan and Ziraldo, Solongo B and Wheeler, Tobias D and
		  McDermott, Geoff P and Zhu, Junjie and others},
  journal	= {Nature Communications},
  volume	= {8},
  pages		= {14049},
  year		= {2017},
  publisher	= {Nature Publishing Group}
}
